=LDR  02299cas a2200541 i 4500
=001  013434181
=003  Uk
=005  20210111152105.0
=006  m\\\\\|\\d\|\\\\\\
=007  cr\|||||||||||
=008  060323c199u9999xxk\x\p\\\\\\\0\\\a0eng\\
=FMT  \\$a  SE
=015  \\$aGBB540567$2bnb
=040  \\$aUk$beng$cUk$erda
=042  \\$aukblsr
=082  04$a027.54109$223
=245  04$aThe staircase :$ban occasional record of notes & gleanings from the life and history of the British Museum and its library contributed to meetings of the Madden Society.
=260  \\$a[Great Britain] :$b[Madden Society]
=300  \\$billustrations (colour)
=310  \\$aIrregular
=336  \\$atext$2rdacontent
=337  \\$acomputer$2rdamedia
=338  \\$aonline resource$2rdacarrier
=588  \\$aDescription based on: 16 (4) (December 2011); title from PDF cover.
=588  \\$aLatest issue consulted: 20 (1) (February 2015).
=610  20$aBritish Museum$xHistory$vPeriodicals.
=610  20$aBritish Library$xHistory$vPeriodicals.
=710  2\$aMadden Society,$eissuing body.
=859  \\$aELD$bejournal
=852  41$aBritish Library$bHMNTS$jELD Digital store$qImperfect: ejournal display problem (Word doc).$3Issue 1(1991)-Volume 21:Number 7(2016)
=985  \\$aIn Word format, cannot make available so record suppressed following request from Elliot (AG 11/1/21)
=CAT  \\$a10902$b40$c20060323$lBLL01$h1553
=CAT  \\$a10902$b40$c20060323$lBLL01$h1556
=CAT  \\$a10902$b40$c20060323$lBLL01$h1603
=CAT  \\$a10902$b40$c20060323$lBLL01$h1609
=CAT  \\$a8201$b40$c20110915$lBLL01$h0959
=CAT  \\$a3072$b40$c20150325$lBLL01$h1621
=CAT  \\$a3072$b40$c20150326$lBLL01$h1050
=CAT  \\$a3072$b40$c20150326$lBLL01$h1052
=CAT  \\$a3072$b40$c20150326$lBLL01$h1053
=CAT  \\$aWR15_120$c20150910$lBLL01$h1824
=CAT  \\$aW1711-1005$c20171206$lBLL01$h1819
=CAT  \\$a11279$b40$c20210111$lBLL01$h1521
=FIN  \\$aY$d20150326
=LET  \4$aThe Staircase: an occasional record of notes & gleanings from the life and history of the British Museum and its library contributed to meetings of the Madden Society (Electronic)
=STA  \\$aSUPPRESSED$bE-content not adequate for display
=TCO  \\$aZZZ$c008
=LAS  \\$a11279$b40$c20210111$lBLL01$h1521

