=LDR  01762 as a22005173  4500
=001  008565343
=003  Uk
=005  20160308141404.0
=006  m\\\\\\\\d\|\\\\\\
=007  cr||||||||||||
=008  040417m\\\\\\\\|||k||||s||||||||||0eng\\
=FMT  \\$a  SE
=040  \\$aUk$beng$cUk
=110  1\$aGreat Britain.$bTreasury.
=240  10$aDAO (London : Online).
=245  10$aDAO$h[electronic resource] :$b(Gen)
=246  3\$aDear Accounting Officer
=246  13$aDAO letter
=260  \\$aLondon :$bHM Treasury.
=336  \\$atext$2rdacontent
=337  \\$acomputer$2rdamedia
=338  \\$aonline resource$2rdacarrier
=538  \\$aMode of access: email in Word format.
=500  \\$aTitle from title bar.
=500  \\$aDescription based on: 10/03 issue.
=650  \0$aFinance, Public$zGreat Britain$xAccounting$vPeriodicals.
=787  0\$tDAO (London)
=859  \\$aELD$bejournal
=852  41$aBritish Library$bHMNTS$jELD Digital store$3Issue 13 (2004)-
=A02  \\$a3021748$z0
=CAT  \\$aCONV$b00$c20040425$lBLL90$h0714
=CAT  \\$aCONV$b00$c20040502$lBLL01$h1257
=CAT  \\$a11249$b40$c20050408$lBLL01$h1114
=CAT  \\$a3072$b40$c20051013$lBLL01$h1032
=CAT  \\$aBATCH$b00$c20091209$lBLL01$h0224
=CAT  \\$aBATCH$b00$c20091214$lBLL01$h0333
=CAT  \\$aBATCH$b00$c20091216$lBLL01$h0113
=CAT  \\$a14412$b40$c20160308$lBLL01$h1414
=CAT  \\$aW1711-1225$c20171203$lBLL01$h1019
=CAT  \\$aW1711-1005$c20171206$lBLL01$h1814
=FIN  \\$aY$d20051013
=LKR  \\$aPAR$b008568293$lBLL01$r787$mDAO (Gen)$nDAO -H M TREASURY
=SRC  \\$aDSS04$bbibld.200404.2.aa
=STA  \\$aSUPPRESSED$bunable to determine reason for suppression
=TCO  \\$aZZZ$c008
=LAS  \\$aW1711-1005$b00$c20171206$lBLL01$h1814

