=LDR  01180 as a22003858i 4500
=001  017975751
=003  Uk
=005  20180618085144.0
=006  m\\\\\\\\d\|\\\\\\
=007  cr||||||||||||
=008  160815c20179999enkmr\p\o\\\\\0\\\a0eng\\
=FMT  \\$a  SE
=022  0\$a2398-8843$202
=037  \\$aISSN_23988843$bPortico$nWiley
=040  \\$aUk$beng$cUk$erda
=042  \\$axissnuk
=222  \0$aLife science reports
=245  00$aLife science reports.
=263  \\$a201701
=264  \1$aChichester :$bWiley-Blackwell
=310  \\$aMonthly
=336  \\$atext$2rdacontent
=337  \\$acomputer$2rdamedia
=338  \\$aonline resource$2rdacarrier
=859  \\$aELD$bejournal
=852  41$aBritish Library$bHMNTS$jELD Digital store$3Content not received
=985  \\$aISSN suppressed 18/06/18. Never published
=985  \\$aPlease do not merge this record
=CAT  \\$a10973$b40$c20160815$lBLL01$h1203
=CAT  \\$a6790$b40$c20161205$lBLL01$h1022
=CAT  \\$a10983$b40$c20170406$lBLL01$h1533
=CAT  \\$aW1711-1005$c20171206$lBLL01$h1829
=CAT  \\$a10806$b40$c20180618$lBLL01$h0851
=STA  \\$aSUPPRESSED$bISSN
=LAS  \\$a10806$b40$c20180618$lBLL01$h0851

