=LDR  01294 as a22003137i 4500
=001  016459265
=003  Uk
=005  20160705115248.0
=006  m\\\\\|\\d\|\\\\\\
=007  cr\|||||||||||
=008  130726d\\\\201u\\\\\\p\o\\\\\0\\\a0eng\\
=FMT  \\$a  SE
=245  00$aEducation and Training Parliamentary Monitor Weekly PQs - Westminster
=264  \1$bEducation Publishing Company Ltd
=336  \\$atext$2rdacontent
=337  \\$acomputer$2rdamedia
=338  \\$aonline resource$2rdacarrier
=785  04$tEducation parliamentary monitor. Weekly PQs. Westminster$x1755-4640
=859  \\$aELD$bejournal
=852  41$aBritish Library$bHMNTS$jELD Digital store$3Issue 610(2013:Jun. 24)-Issue 663(2014:Aug. 11)
=985  \\$aELD accessioning record awaiting upgrade
=CAT  \\$a11433$b40$c20130726$lBLL01$h1247
=CAT  \\$a8201$b40$c20150210$lBLL01$h0900
=CAT  \\$a10983$b40$c20160705$lBLL01$h1152
=CAT  \\$aW1711-1225$c20171203$lBLL01$h1053
=CAT  \\$aW1711-1005$c20171206$lBLL01$h1825
=LKR  \\$aPAR$b007893813$lBLL01$r78504$mEducation and Training Parliamentary Monitor Weekly PQs - Westminster$nEducation parliamentary monitor. Weekly PQs. Westminster
=STA  \\$aSUPPRESSED$bunable to determine reason for suppression
=LAS  \\$aW1711-1005$b00$c20171206$lBLL01$h1825

