=LDR  01334 as a22003257i 4500
=001  016480359
=003  Uk
=005  20210811125138.0
=006  m\\\\\|\\d\|\\\\\\
=007  cr\|||||||||||
=008  130823d\\\\2014\\\\\\p\o\\\\\0\\\a0eng\\
=FMT  \\$a  SE
=245  00$aChildren's Services Parliamentary Monitor Weekly PQs - Westminster
=264  \1$bThe Education Publishing Company Ltd
=336  \\$atext$2rdacontent
=337  \\$acomputer$2rdamedia
=338  \\$aonline resource$2rdacarrier
=785  04$tEducation parliamentary monitor. Weekly PQs. Westminster$x1755-4640
=859  \\$aELD$bejournal
=852  41$aBritish Library$bHMNTS$jELD Digital store$3Issue 610(2013:Jun. 24)-Issue 663(2014:Aug. 11)
=985  \\$aELD accessioning record awaiting upgrade
=CAT  \\$a11433$b40$c20130823$lBLL01$h1138
=CAT  \\$a8201$b40$c20150225$lBLL01$h0954
=CAT  \\$a10983$b40$c20160705$lBLL01$h1117
=CAT  \\$aW1711-1225$c20171203$lBLL01$h1053
=CAT  \\$aW1711-1005$c20171206$lBLL01$h1825
=CAT  \\$a7764$b40$c20210811$lBLL01$h1251
=LKR  \\$aPAR$b007893813$lBLL01$r78504$mChildren's Services Parliamentary Monitor Weekly PQs - Westminster$nEducation parliamentary monitor. Weekly PQs. Westminster
=STA  \\$aSUPPRESSED$bunable to determine reason for suppression
=LAS  \\$a7764$b40$c20210811$lBLL01$h1251

