=LDR  01407 as a22003377i 4500
=001  016480849
=003  Uk
=005  20210811124452.0
=006  m\\\\\|\\d\|\\\\\\
=007  cr\|||||||||||
=008  130823d\\\\2014\\\\\\p\o\\\\\0\\\a0eng\\
=FMT  \\$a  SE
=245  00$aChildren's Services Parliamentary Monitor Weekly Committees Westminster
=264  \1$bThe Education Publishing Company Ltd
=336  \\$atext$2rdacontent
=337  \\$acomputer$2rdamedia
=338  \\$aonline resource$2rdacarrier
=785  04$tEducation parliamentary monitor. Weekly committees. Westminster$x1756-9036
=859  \\$aELD$bejournal
=852  41$aBritish Library$bHMNTS$jELD Digital store$3Issue 610(2013:Jun. 24)-Issue 662(2014:Aug. 04)
=985  \\$aELD accessioning record awaiting upgrade
=CAT  \\$a11433$b40$c20130823$lBLL01$h1542
=CAT  \\$a11433$b40$c20130823$lBLL01$h1543
=CAT  \\$a8201$b40$c20150225$lBLL01$h0958
=CAT  \\$a10983$b40$c20160705$lBLL01$h1113
=CAT  \\$aW1711-1225$c20171203$lBLL01$h1053
=CAT  \\$aW1711-1005$c20171206$lBLL01$h1825
=CAT  \\$a7764$b40$c20210811$lBLL01$h1244
=LKR  \\$aPAR$b014512498$lBLL01$r78504$mChildren's Services Parliamentary Monitor Weekly Committees Westminster$nEducation parliamentary monitor. Weekly committees. Westminster
=STA  \\$aSUPPRESSED$bunable to determine reason for suppression
=LAS  \\$a7764$b40$c20210811$lBLL01$h1244

