=LDR  01306 as a22003137i 4500
=001  016481644
=003  Uk
=005  20160705111617.0
=006  m\\\\\|\\d\|\\\\\\
=007  cr\|||||||||||
=008  130827d\\\\2014\\\\\\p\o\\\\\0\\\a0eng\\
=FMT  \\$a  SE
=245  00$aChildren's Services Parliamentary Monitor Weekly Ministerial Speeches
=264  \1$bThe Education Publishing Company Ltd
=336  \\$atext$2rdacontent
=337  \\$acomputer$2rdamedia
=338  \\$aonline resource$2rdacarrier
=785  04$tEducation parliamentary monitor. Weekly ministerial speeches$x2048-1128
=859  \\$aELD$bejournal
=852  41$aBritish Library$bHMNTS$jELD Digital store$3Issue 610(2013:Jun. 24)-Issue 662(2014:Aug. 04)
=985  \\$aELD accessioning record awaiting upgrade
=CAT  \\$a11433$b40$c20130827$lBLL01$h1057
=CAT  \\$a8201$b40$c20150303$lBLL01$h1138
=CAT  \\$a10983$b40$c20160705$lBLL01$h1116
=CAT  \\$aW1711-1225$c20171203$lBLL01$h1053
=CAT  \\$aW1711-1005$c20171206$lBLL01$h1825
=LKR  \\$aPAR$b015975467$lBLL01$r78504$mChildren's Services Parliamentary Monitor Weekly Ministerial Speeches$nEducation parliamentary monitor. Weekly ministerial speeches
=STA  \\$aSUPPRESSED$bunable to determine reason for suppression
=LAS  \\$aW1711-1005$b00$c20171206$lBLL01$h1825

