=LDR  01762cas a2200469 i 4500
=001  016625633
=003  Uk
=005  20150820082803.0
=006  m\\\\\|\\d\|\\\\\\
=007  cr\|||||||||||
=008  040720c20059999enkar\p\or\\\\0\\\a0eng\\
=FMT  \\$a  SE
=015  \\$aGBB415158$2bnb
=037  \\$aCYTW$bBusiness Monitor International
=040  \\$aUk$beng$cUk$dUk
=082  04$a338.88851249025$222
=245  00$aForeign companies in Taiwan.
=246  17$aForeign companies in Taiwan yearbook
=260  \\$aLondon (Mermaid House, 2 Puddle Dock, London EC4V 3DS) :$bBusiness Monitor International,$c2005-
=310  \\$aAnnual
=336  \\$atext$2rdacontent
=337  \\$acomputer$2rdamedia
=338  \\$aonline resource$2rdacarrier
=362  0\$a2005-
=500  \\$aLatest issue consulted: 2007.
=650  \0$aBusiness enterprises, Foreign$zTaiwan$vDirectories.
=690  7\$aManagement and Business Studies$2blcoll
=859  \\$aELD$bejournal
=852  41$aBritish Library$bSTI$cBIPC$jELD Digital store$32012-*** Previous issues available in print copy
=985  \\$a2014 cloned record for electronic format - will be upgraded
=985  \\$aNot currently available on BMI Website - April 2015 as separate report - in database format?
=CAT  \\$aWR13_103$c20140211$lBLL01$h1600
=CAT  \\$aWR14.047$c20140417$lBLL01$h1646
=CAT  \\$aWRBMI_003$c20140525$lBLL01$h1533
=CAT  \\$aWR14_114$c20140818$lBLL01$h1743
=CAT  \\$a11316$b40$c20150820$lBLL01$h0828
=CAT  \\$aW1711-1225$c20171203$lBLL01$h1055
=CAT  \\$aW1711-1005$c20171206$lBLL01$h1826
=FIN  \\$aY$d20140208
=MNI  \\$a1744-7844
=STA  \\$aSUPPRESSED$bunable to determine reason for suppression
=LAS  \\$aW1711-1005$b00$c20171206$lBLL01$h1826

