=LDR  02429cas a2200625 i 4500
=001  016625640
=003  Uk
=005  20161019102323.0
=006  m\\\\\|\\d\|\\\\\\
=007  cr\|||||||||||
=008  050603d2005201uenkar\p\o\\\\\0\\\a0eng\\
=FMT  \\$a  SE
=015  \\$aGBB415165$2bnb
=037  \\$aSSLV12$bBusiness Monitor International
=040  \\$aUk$beng$cUk
=082  04$a338.4791479$222
=245  00$aBaltics tourism report :$bincluding 4-year industry forecasts by BMI.
=260  \\$aLondon :$bBusiness Monitor International,$c2005-
=310  \\$aAnnual,$b2007-
=321  \\$aQuarterly
=336  \\$atext$2rdacontent
=337  \\$acomputer$2rdamedia
=338  \\$aonline resource$2rdacarrier
=362  0\$a2005/Q1-
=490  0\$aIndustry report & forecasts series
=540  \\$aCurrent Copyright Fee: GBP100.00$c0$5Uk
=650  \0$aTourism$zBaltic States$xForecasting$vPeriodicals.
=650  \0$aTourism$zBaltics States$vPeriodicals.
=690  7\$aManagement and Business Studies$2blcoll
=710  2\$aBusiness Monitor International.
=785  00$tEstonia, Latvia & Lithuania tourism report$x2396-6971
=859  \\$aELD$bejournal
=852  41$aBritish Library$bSTI$cBIPC$jELD Digital store$32012-*** Previous issues available in print copy
=985  \\$a2014 cloned record for electronic format - will be upgraded
=985  \\$aNot currently available on BMI Website April 2015
=CAT  \\$aWR13_103$c20140211$lBLL01$h1600
=CAT  \\$aBATCH-CLA$b00$c20140228$lBLL01$h1619
=CAT  \\$aIPL-CLA$c20140331$lBLL01$h1643
=CAT  \\$aWR14.047$c20140417$lBLL01$h1647
=CAT  \\$aWRBMI_003$c20140525$lBLL01$h1533
=CAT  \\$aWR14_114$c20140818$lBLL01$h1743
=CAT  \\$a11316$b40$c20150810$lBLL01$h1518
=CAT  \\$a11316$b40$c20150810$lBLL01$h1546
=CAT  \\$a11316$b40$c20150811$lBLL01$h0820
=CAT  \\$a11316$b40$c20150813$lBLL01$h1341
=CAT  \\$a12952$b40$c20150813$lBLL01$h1726
=CAT  \\$a11316$b40$c20150917$lBLL01$h1349
=CAT  \\$a10983$b40$c20161019$lBLL01$h1023
=CAT  \\$aW1711-1005$c20171206$lBLL01$h1826
=CFI  0\$aCurrent Copyright Fee: GBP100.00$c0$e01-apr-2014$fGBP100.00$g0$hC$5Uk
=CFI  2\$aPrevious Copyright Fee: GBP12.00$c0$e01-oct-2013$fGBP12.00$g0$hC$5Uk
=FIN  \\$aY$d20140208
=MNI  \\$a1747-8812
=STA  \\$aSUPPRESSED$bCloned record, no issues available.
=LAS  \\$aW1711-1005$b00$c20171206$lBLL01$h1826

