=LDR  01912cas a2200481 i 4500
=001  016625664
=003  Uk
=005  20150820083405.0
=006  m\\\\\|\\d\|\\\\\\
=007  cr\|||||||||||
=008  080613c200u9999enkar\p\or\\\\0\\\a0eng\\
=FMT  \\$a  SE
=015  \\$aGBB415189$2bnb
=040  \\$aUk$beng$cUk$dUk
=082  04$a338.8862922202543$222
=245  04$aThe emerging Europe autos directory.
=260  \\$aLondon :$bCommercial Intelligence Service
=310  \\$aAnnual
=336  \\$atext$2rdacontent
=337  \\$acomputer$2rdamedia
=338  \\$aonline resource$2rdacarrier
=500  \\$aDescription based on: 2007 edition.
=650  \0$aAutomobile industry and trade$zEurope, Central$vDirectories.
=650  \0$aAutomobile industry and trade$zEurope, Eastern$vDirectories.
=650  \0$aInternational business enterprises$zEurope, Central$vDirectories.
=650  \0$aInternational business enterprises$zEurope, Eastern$vDirectories.
=690  7\$aManagement and Business Studies$2blcoll
=710  2\$aCommercial Intelligence Service (London, England)
=859  \\$aELD$bejournal
=852  41$aBritish Library$bSTI$cBIPC$jELD Digital store$32012-*** Previous issues available in print copy
=985  \\$a2014 cloned record for electronic format - will be upgraded
=985  \\$aNot currently available on BMI Website - April 2015 as separate report - in database format?
=CAT  \\$aWR14.047$c20140417$lBLL01$h1647
=CAT  \\$aWRBMI_003$c20140525$lBLL01$h1533
=CAT  \\$aWR14_114$c20140818$lBLL01$h1743
=CAT  \\$a11316$b40$c20150820$lBLL01$h0829
=CAT  \\$a11316$b40$c20150820$lBLL01$h0834
=CAT  \\$aW1711-1225$c20171203$lBLL01$h1055
=CAT  \\$aW1711-1005$c20171206$lBLL01$h1826
=FIN  \\$aY$d20140208
=MNI  \\$a1757-949X
=STA  \\$aSUPPRESSED$bunable to determine reason for suppression
=LAS  \\$aW1711-1005$b00$c20171206$lBLL01$h1826

