=LDR  02258cas a2200553 i 4500
=001  016625714
=003  Uk
=005  20150818082834.0
=006  m\\\\\|\\d\|\\\\\\
=007  cr\|||||||||||
=008  111014d201u2012enkqr\p\o\\\\\0\\\a0eng\\
=FMT  \\$a  SE
=015  \\$aGBB415239$2bnb
=040  \\$aUk$beng$cUk$dUk
=082  04$a338.476410961$223
=245  00$aNorth Africa food & drink report :$bincludes 5-year forecasts.
=260  \\$aLondon :$bBusiness Monitor International,$c-[2012?]
=310  \\$aQuarterly
=336  \\$atext$2rdacontent
=337  \\$acomputer$2rdamedia
=338  \\$aonline resource$2rdacarrier
=362  1\$aBegan in 2012?
=490  0\$aIndustry report & forecasts
=540  \\$aCurrent Copyright Fee: GBP100.00$c0$5Uk
=650  \0$aBeverage industry$zAfrica, North$vPeriodicals.
=650  \0$aBeverage industry$zAfrica, North$xForecasting$vPeriodicals.
=650  \0$aFood industry and trade$zAfrica, North$vPeriodicals.
=650  \0$aFood industry and trade$zAfrica, North$xForecasting$vPeriodicals.
=650  \0$aMarket surveys$zAfrica, North$vPeriodicals.
=690  7\$aManagement and Business Studies$2blcoll
=710  2\$aBusiness Monitor International.
=859  \\$aELD$bejournal
=852  41$aBritish Library$bSTI$cBIPC$jELD Digital store$32012-*** Previous issues available in print copy
=985  \\$a2014 cloned record for electronic format - will be upgraded
=985  \\$aNot currently available on BMI Website - April 2015
=CAT  \\$aBATCH-CLA$b00$c20140228$lBLL01$h1619
=CAT  \\$aIPL-CLA$c20140331$lBLL01$h1643
=CAT  \\$aWR14.047$c20140417$lBLL01$h1647
=CAT  \\$aWRBMI_003$c20140525$lBLL01$h1533
=CAT  \\$aWR14_114$c20140818$lBLL01$h1743
=CAT  \\$a11316$b40$c20150818$lBLL01$h0828
=CAT  \\$aW1711-1005$c20171206$lBLL01$h1826
=CFI  0\$aCurrent Copyright Fee: GBP100.00$c0$e01-apr-2014$fGBP100.00$g0$hC$5Uk
=CFI  2\$aPrevious Copyright Fee: GBP12.00$c0$e01-oct-2013$fGBP12.00$g0$hC$5Uk
=FIN  \\$aY$d20140208
=LKR  \\$aPAR$lBLL01$r776$b015949532$mNorth Africa food & drink report$nNorth Africa food & drink report
=MNI  \\$a2049-0577
=STA  \\$aSUPPRESSED$bIngested as issues
=LAS  \\$aW1711-1005$b00$c20171206$lBLL01$h1826

