=LDR  02483cas a2200601 i 4500
=001  016625720
=003  Uk
=005  20160321112408.0
=006  m\\\\\|\\d\|\\\\\\
=007  cr\|||||||||||
=008  111014d2011201uenkqr\p\o\\\\\0\\\a0eng\\
=FMT  \\$a  SE
=015  \\$aGBB415245$2bnb
=037  \\$aSSAO06$bBusiness Monitor International
=040  \\$aUk$beng$cUk$dUk
=082  04$a338.473630968$223
=245  00$aSouthern Africa infrastructure report. :$bincluding 5-year industry forecasts by BMI.
=260  \\$aLondon :$bBusiness Monitor International,$c2011-
=310  \\$aQuarterly
=336  \\$atext$2rdacontent
=337  \\$acomputer$2rdamedia
=338  \\$aonline resource$2rdacarrier
=362  0\$a2012/Q1-
=490  0\$aIndustry report & forecasts series
=540  \\$aCurrent Copyright Fee: GBP100.00$c0$5Uk
=650  \0$aInfrastructure (Economics)$zAfrica, Southern$vPeriodicals.
=650  \0$aInfrastructure (Economics)$zAfrica, Southern$xForecasting$vPeriodicals.
=650  \0$aMarket surveys$zAfrica, Southern$vPeriodicals.
=690  7\$aManagement and Business Studies$2blcoll
=710  2\$aBusiness Monitor International.
=859  \\$aELD$bejournal
=852  41$aBritish Library$bSTI$cBIPC$jELD Digital store$32012-*** Previous issues available in print copy
=985  \\$a2014 cloned record for electronic format - will be upgraded
=985  \\$aPossible earlier title of 'Angola infrastructure report' and 'South Africa infrastructure report'.
=985  \\$aNot currently available on BMI Website - April 2015
=CAT  \\$aWR13_103$c20140211$lBLL01$h1600
=CAT  \\$aBATCH-CLA$b00$c20140228$lBLL01$h1619
=CAT  \\$aIPL-CLA$c20140331$lBLL01$h1643
=CAT  \\$aWR14.047$c20140417$lBLL01$h1647
=CAT  \\$a12952$b40$c20140509$lBLL01$h1518
=CAT  \\$aWR14_114$c20140818$lBLL01$h1743
=CAT  \\$a11316$b40$c20150819$lBLL01$h1555
=CAT  \\$a11316$b40$c20150819$lBLL01$h1607
=CAT  \\$a11316$b40$c20150819$lBLL01$h1614
=CAT  \\$a10973$b40$c20160321$lBLL01$h1124
=CAT  \\$aW1711-1225$c20171203$lBLL01$h1055
=CAT  \\$aW1711-1005$c20171206$lBLL01$h1826
=CFI  0\$aCurrent Copyright Fee: GBP100.00$c0$e01-apr-2014$fGBP100.00$g0$hC$5Uk
=CFI  2\$aPrevious Copyright Fee: GBP12.00$c0$e01-oct-2013$fGBP12.00$g0$hC$5Uk
=FIN  \\$aY$d20140208
=MNI  \\$a2049-0631
=STA  \\$aSUPPRESSED$bunable to determine reason for suppression
=LAS  \\$aW1711-1005$b00$c20171206$lBLL01$h1826

