=LDR  01708cas a2200457 i 4500
=001  016625737
=003  Uk
=005  20140208191244.0
=006  m\\\\\|\\d\|\\\\\\
=007  cr\|||||||||||
=008  050920c20059999enkar\p\o\\\\\0\\\a0eng\\
=FMT  \\$a  SE
=015  \\$aGBB415262$2bnb
=040  \\$aUk$beng$cUk
=082  04$a338.47660094371$222
=245  00$aCzech Republic chemicals report :$bincluding 4-year industry forecasts by BMI.
=260  \\$aLondon :$bBusiness Monitor International,$c2005-
=310  \\$aAnnual,$b2007-
=321  \\$aQuarterly
=336  \\$atext$2rdacontent
=337  \\$acomputer$2rdamedia
=338  \\$aonline resources$2rdacarrier
=362  0\$a2005/Q2-
=490  0\$aIndustry survey & forecasts series
=650  \0$aChemical industry$zCzech Republic$vPeriodicals.
=650  \0$aChemical industry$zCzech Republic$xForecasting$vPeriodicals.
=650  \0$aMarket surveys$zCzech Republic$vPeriodicals.
=690  7\$aManagement and Business Studies$2blcoll
=710  2\$aBusiness Monitor International.
=859  \\$aELD$bejournal
=852  41$aBritish Library$bSTI$cBIPC$jELD Digital store$32012-*** Previous issues available in print copy
=985  \\$a2014 cloned record for electronic format - will be upgraded
=CAT  \\$aWR14.047$c20140417$lBLL01$h1647
=CAT  \\$aWRBMI_003$c20140525$lBLL01$h1533
=CAT  \\$aWR14_114$c20140818$lBLL01$h1743
=CAT  \\$aW1711-1005$c20171206$lBLL01$h1826
=FIN  \\$aY$d20140208
=LKR  \\$aPAR$lBLL01$r776$b013295528$mCzech Republic chemicals report$nCzech Republic chemicals report
=MNI  \\$a1749-2017
=STA  \\$aSUPPRESSED$bIngested as issues
=LAS  \\$aW1711-1005$b00$c20171206$lBLL01$h1826

