=LDR  01872cas a2200505 i 4500
=001  016625929
=003  Uk
=005  20150819161636.0
=006  m\\\\\|\\d\|\\\\\\
=007  cr\|||||||||||
=008  050920d2005200uenkar\p\o\\\\\0\\\a0eng\\
=FMT  \\$a  SE
=015  \\$aGBB415454$2bnb
=040  \\$aUk$beng$cUk$dUk
=082  04$a338.47660095357$222
=245  00$aUnited Arab Emirates chemicals report :$bincluding 3-year industry forecasts by BMI.
=260  \\$aLondon :$bBusiness Monitor International,$c2005-
=310  \\$aAnnual,$b2007-
=321  \\$aQuarterly
=336  \\$atext$2rdacontent
=337  \\$acomputer$2rdamedia
=338  \\$aonline resource$2rdacarrier
=362  0\$a2005/Q2-
=490  0\$aIndustry survey & forecasts series
=650  \0$aChemical industry$zUnited Arab Emirates$vPeriodicals.
=650  \0$aChemical industry$zUnited Arab Emirates$xForecasting$vPeriodicals.
=650  \0$aMarket surveys$zUnited Arab Emirates$vPeriodicals.
=690  7\$aManagement and Business Studies$2blcoll
=710  2\$aBusiness Monitor International.
=859  \\$aELD$bejournal
=852  41$aBritish Library$bSTI$cBIPC$jELD Digital store$32012-
=985  \\$a2014 cloned record for electronic format - will be upgraded
=985  \\$aNot currently available on BMI Website - April 2015
=CAT  \\$aWR14.047$c20140417$lBLL01$h1647
=CAT  \\$aWRBMI_003$c20140525$lBLL01$h1533
=CAT  \\$aWR14_114$c20140818$lBLL01$h1743
=CAT  \\$a11316$b40$c20150819$lBLL01$h1604
=CAT  \\$a11316$b40$c20150819$lBLL01$h1605
=CAT  \\$a11316$b40$c20150819$lBLL01$h1616
=CAT  \\$aW1711-1225$c20171203$lBLL01$h1055
=CAT  \\$aW1711-1005$c20171206$lBLL01$h1826
=FIN  \\$aY$d20140208
=MNI  \\$a1749-2106
=STA  \\$aSUPPRESSED$bunable to determine reason for suppression
=LAS  \\$aW1711-1005$b00$c20171206$lBLL01$h1826

