=LDR  02045cas a2200529 i 4500
=001  016626113
=003  Uk
=005  20150813133753.0
=006  m\\\\\|\\d\|\\\\\\
=007  cr\|||||||||||
=008  070830d2007200uenkar\p\o\\\\\0\\\a0eng\\
=FMT  \\$a  SE
=015  \\$aGBB415638$2bnb
=040  \\$aUk$beng$cUk
=082  04$a338.209536505$222
=245  00$aBahrain mining report ...$bincluding 5-year industry forecasts by BMI.
=260  \\$aLondon :$bBusiness Monitor International,$c2007-
=310  \\$aAnnual
=336  \\$atext$2rdacontent
=337  \\$acomputer$2rdamedia
=338  \\$aonline resources$2rdacarrier
=362  0\$a2007-
=490  0\$aIndustry report & forecasts series
=540  \\$aCurrent Copyright Fee: GBP100.00$c0$5Uk
=650  \0$aMarket surveys$zBahrain$vPeriodicals.
=650  \0$aMineral industries$zBahrain$xForecasting$vPeriodicals.
=690  7\$aManagement and Business Studies$2blcoll
=710  2\$aBusiness Monitor International.
=859  \\$aELD$bejournal
=852  41$aBritish Library$bSTI$cBIPC$jELD Digital store$32012-
=985  \\$a2014 cloned record for electronic format - will be upgraded
=985  \\$aNot currently available on BMI Website April 2015
=CAT  \\$aBATCH-CLA$b00$c20140228$lBLL01$h1619
=CAT  \\$aIPL-CLA$c20140331$lBLL01$h1643
=CAT  \\$aWR14.047$c20140417$lBLL01$h1647
=CAT  \\$aWRBMI_003$c20140525$lBLL01$h1533
=CAT  \\$aWR14_114$c20140818$lBLL01$h1743
=CAT  \\$a11316$b40$c20150813$lBLL01$h1337
=CAT  \\$aW1711-1225$c20171203$lBLL01$h1055
=CAT  \\$aW1711-1005$c20171206$lBLL01$h1826
=CFI  0\$aCurrent Copyright Fee: GBP100.00$c0$e01-apr-2014$fGBP100.00$g0$hC$5Uk
=CFI  2\$aPrevious Copyright Fee: GBP12.00$c0$e01-oct-2013$fGBP12.00$g0$hC$5Uk
=FIN  \\$aY$d20140208
=LKR  \\$aPAR$lBLL01$r776$b013831058$mBahrain mining report ...$nBahrain mining report ...
=MNI  \\$a1755-7933
=STA  \\$aSUPPRESSED$bunable to determine reason for suppression
=LAS  \\$aW1711-1005$b00$c20171206$lBLL01$h1826

