=LDR  01881 as a2200493 i 4500
=001  016626476
=003  Uk
=005  20151110141835.0
=006  m\\\\\|\\d\|\\\\\\
=007  cr\|||||||||||
=008  070830d2007201uenkar\p\o\\\\\0\\\a0eng\\
=FMT  \\$a  SE
=015  \\$aGBB416001$2bnb
=040  \\$aUk$beng$cUk$dUk
=082  04$a338.2098705$222
=245  00$aVenezuela mining report ...
=260  \\$aLondon :$bBusiness Monitor International,$c2007-
=310  \\$aAnnual
=336  \\$atext$2rdacontent
=337  \\$acomputer$2rdamedia
=338  \\$aonline resource$2rdacarrier
=362  0\$a2007-
=490  0\$aIndustry report & forecasts series
=650  \0$aMarket surveys$zVenezuela$vPeriodicals.
=650  \0$aMineral industries$zVenezuela$xForecasting$vPeriodicals.
=690  7\$aManagement and Business Studies$2blcoll
=710  2\$aBusiness Monitor International.
=859  \\$aELD$bejournal
=852  41$aBritish Library$bSTI$cBIPC$jELD Digital store$32012-
=985  \\$a2014 cloned record for electronic format - will be upgraded
=985  \\$aNot currently available on BMI Website - April 2015
=985  \\$aContinued by Central America & Caribbean mining - records not linked as no electronic issues of Venezuela mining report received.
=CAT  \\$aWR14.047$c20140417$lBLL01$h1647
=CAT  \\$aWRBMI_003$c20140525$lBLL01$h1533
=CAT  \\$aWR14_114$c20140818$lBLL01$h1743
=CAT  \\$a11316$b40$c20150819$lBLL01$h1605
=CAT  \\$a11316$b40$c20151110$lBLL01$h1418
=CAT  \\$aW1711-1225$c20171203$lBLL01$h1055
=CAT  \\$aW1711-1005$c20171206$lBLL01$h1826
=FIN  \\$aY$d20140208
=LKR  \\$aPAR$lBLL01$r776$b013831118$mVenezuela mining report ...$nVenezuela mining report ...
=MNI  \\$a1755-859X
=STA  \\$aSUPPRESSED$bunable to determine reason for suppression
=LAS  \\$aW1711-1005$b00$c20171206$lBLL01$h1826

