=LDR  02115cas a2200517 i 4500
=001  016626677
=003  Uk
=005  20150818083541.0
=006  m\\\\\|\\d\|\\\\\\
=007  cr\|||||||||||
=008  120823c20uu9999enkqr\p\o\\\\\0\\\a0eng\\
=FMT  \\$a  SE
=015  \\$aGBB416202$2bnb
=040  \\$aUk$beng$cUk$dUk
=082  04$a338.10968$223
=245  00$aSouthern Africa agribusiness report :$bincluding 5-year industry forecasts by BMI.
=260  \\$aLondon :$bBusiness Monitor International
=310  \\$aQuarterly
=336  \\$atext$2rdacontent
=337  \\$acomputer$2rdamedia
=338  \\$aonline resource$2rdacarrier
=490  0\$aIndustry report & forecasts series
=540  \\$aCurrent Copyright Fee: GBP100.00$c0$5Uk
=650  \0$aAgricultural industries$zAfrica, Southern$vPeriodicals.
=650  \0$aAgricultural industries$zAfrica, Southern$xForecasting$vPeriodicals.
=650  \0$aMarket surveys$zAfrica, Southern$vPeriodicals.
=690  7\$aManagement and Business Studies$2blcoll
=710  2\$aBusiness Monitor International.
=859  \\$aELD$bejournal
=852  41$aBritish Library$bSTI$cBIPC$jELD Digital store$32012-*** Previous issues available in print copy
=985  \\$a2014 cloned record for electronic format - will be upgraded
=985  \\$aNot currently available on BMI Website - April 2015
=CAT  \\$aBATCH-CLA$b00$c20140228$lBLL01$h1619
=CAT  \\$aIPL-CLA$c20140331$lBLL01$h1644
=CAT  \\$aWR14.047$c20140417$lBLL01$h1647
=CAT  \\$aWRBMI_003$c20140525$lBLL01$h1533
=CAT  \\$aWR14_114$c20140818$lBLL01$h1743
=CAT  \\$a11316$b40$c20150818$lBLL01$h0835
=CAT  \\$aW1711-1005$c20171206$lBLL01$h1826
=CFI  0\$aCurrent Copyright Fee: GBP100.00$c0$e01-apr-2014$fGBP100.00$g0$hC$5Uk
=CFI  2\$aPrevious Copyright Fee: GBP12.00$c0$e01-oct-2013$fGBP12.00$g0$hC$5Uk
=FIN  \\$aY$d20140208
=LKR  \\$aPAR$lBLL01$r776$b016154503$mSouthern Africa agribusiness report$nSouthern Africa agribusiness report
=MNI  \\$a2051-1876
=STA  \\$aSUPPRESSED$bIngested as issues
=LAS  \\$aW1711-1005$b00$c20171206$lBLL01$h1826

