=LDR  00885cas a22002777i 4500
=001  016710183
=003  Uk
=005  20190121150328.0
=006  m\\\\\|\\d\|\\\\\\
=007  cr\|||||||||||
=008  140507c\\\\9999\\\\\\p\o\\\\\0\\\a0eng\\
=FMT  \\$a  SE
=245  00$aNetwork
=264  \1$bSubstance Misuse Management in General Practice
=336  \\$atext$2rdacontent
=337  \\$acomputer$2rdamedia
=338  \\$aonline resource$2rdacarrier
=859  \\$aELD$bejournal
=852  41$aBritish Library$bHMNTS$jELD Digital store$3Number 36(2014)-Number 38(2015)
=985  \\$aDuplicate record - info already on 017027117
=CAT  \\$a11433$b40$c20140507$lBLL01$h1126
=CAT  \\$aWR15_120$c20150910$lBLL01$h1828
=CAT  \\$aW1711-1005$c20171206$lBLL01$h1827
=CAT  \\$a3072$b40$c20190121$lBLL01$h1503
=STA  \\$aSUPPRESSED$bDiscard
=LAS  \\$a3072$b40$c20190121$lBLL01$h1503

