=LDR  01164 as a22003738i 4500
=001  016878592
=003  Uk
=005  20161108163531.0
=006  m\\\\\\\\d\|\\\\\\
=007  cr||||||||||||
=008  141001c20159999enkar\p\o\\\\\0\\\a0eng\\
=FMT  \\$a  SE
=022  0\$a2057-0074$202
=037  \\$a???$bBioMed Central
=040  \\$aUk$beng$cUk$erda
=042  \\$axissnuk
=222  \0$aCurrent interventional radiology
=245  00$aCurrent interventional radiology.
=263  \\$a201506
=264  \1$aLondon :$bBioMed Central
=310  \\$aAnnual
=336  \\$atext$2rdacontent
=337  \\$acomputer$2rdamedia
=338  \\$aonline resource$2rdacarrier
=859  \\$aELD$bejournal
=852  41$aBritish Library$bHMNTS$jELD Digital store$3Content not received
=985  \\$aISSN suppressed 08.11.2016. Not published.
=985  \\$aISSN record only. Do not merge. Do not add items.
=CAT  \\$a11313$b40$c20141001$lBLL01$h1518
=CAT  \\$a14448$b40$c20151022$lBLL01$h1232
=CAT  \\$a11130$b40$c20161108$lBLL01$h1635
=CAT  \\$aW1711-1005$c20171206$lBLL01$h1827
=STA  \\$aSUPPRESSED$bISSN
=LAS  \\$aW1711-1005$b00$c20171206$lBLL01$h1827

