=LDR  01584 as a22004578i 4500
=001  017100172
=003  Uk
=005  20170327135046.0
=006  m\\\\\\\\d\|\\\\\\
=007  cr||||||||||||
=008  150305c20159999enk\x\p\o\\\\\0\\\a0eng\\
=FMT  \\$a  SE
=022  0\$a2058-7481$202
=037  \\$aLSR$bSage (UK) Ltd
=040  \\$aUk$beng$cUk$erda
=042  \\$axissnuk
=222  \0$aJournal of international life sciences research
=245  00$aJournal of international life sciences research
=263  \\$a201511
=264  \1$aLondon :$bSAGE Publications Ltd
=336  \\$atext$2rdacontent
=337  \\$acomputer$2rdamedia
=338  \\$aonline resource$2rdacarrier
=859  \\$aELD$bejournal
=852  41$aBritish Library$bHMNTS$jELD Digital store$3Content not received
=985  \\$aISSN suppressed 27.03.2017. Not published.
=985  \\$aISSN record only. Do not merge. Do not add items.
=CAT  \\$a11315$b40$c20150305$lBLL01$h1420
=CAT  \\$aBATCH-CLA$b00$c20151127$lBLL01$h1629
=CAT  \\$aWR15058$c20151230$lBLL01$h1441
=CAT  \\$a5552$b40$c20160217$lBLL01$h0929
=CAT  \\$aBLDSS-3PM$b00$c20160225$lBLL01$h1643
=CAT  \\$a14448$b40$c20160226$lBLL01$h1140
=CAT  \\$aBATCH-UPD$b40$c20160413$lBLL01$h1828
=CAT  \\$aBATCH-UPD$b40$c20160524$lBLL01$h2200
=CAT  \\$aBATCH-UPD$b40$c20160524$lBLL01$h2307
=CAT  \\$a5552$b40$c20170323$lBLL01$h0911
=CAT  \\$a11130$b40$c20170327$lBLL01$h1350
=CAT  \\$aW1711-1005$c20171206$lBLL01$h1828
=STA  \\$aSUPPRESSED$bISSN
=LAS  \\$aW1711-1005$b00$c20171206$lBLL01$h1828

