=LDR  01604 as a22004458a 4500
=001  015904753
=003  Uk
=005  20200304133510.0
=006  m\\\\\\\\d\|\\\\\\
=007  cr||||||||||||
=008  111005c20139999enkqr\p\s\\\\\0\\\a0eng\\
=022  0\$a2048-7320$202
=037  \\$aIJEBB$bInderscience
=040  \\$aUk$beng$cUk
=042  \\$axissnuk
=222  \0$aInternational journal of ecological bioscience and biotechnology$b(Online)
=245  00$aInternational journal of ecological bioscience and biotechnology (Online)
=260  \\$aOlney :$bInderscience
=263  \\$a201306
=310  \\$aQuarterly
=336  \\$atext$2rdacontent
=337  \\$acomputer$2rdamedia
=338  \\$aonline resource$2rdacarrier
=776  0\$tInternational journal of ecological bioscience and biotechnology$c(Print)$x2048-7312
=852  41$aBritish Library$bHMNTS$jELD Digital store$3Content not received***Previous issues available in print copy
=859  \\$aELD$bejournal
=985  \\$aISSN suppressed 04/03/20. Not published.
=985  \\$aPlease do not merge this record
=CAT  \\$a10973$b40$c20111005$lBLL01$h1100
=CAT  \\$aBATCH-TCO$c20120117$lBLL01$h0039
=CAT  \\$a11433$b40$c20141217$lBLL01$h1448
=CAT  \\$aW1610-0943$c20161017$lBLL01$h0904
=CAT  \\$aW1711-1005$c20171206$lBLL01$h1823
=CAT  \\$a10806$b40$c20200304$lBLL01$h1335
=FMT  \\$a  SE
=LAS  \\$a10806$b40$c20200304$lBLL01$h1335
=LET  \0$aInternational journal of ecological bioscience and biotechnology (Online)
=MNI  \\$a2048-7312
=STA  \\$aSUPPRESSED$bISSN
=TCO  \\$aCLA$bCLA$c008

