=LDR  01532 as a22004218a 4500
=001  016194322
=003  Uk
=005  20200304121646.0
=006  m\\\\\\\\d\|\\\\\\
=007  cr||||||||||||
=008  121022c20149999enkqr\p\o\\\\\0\\\a0eng\\
=FMT  \\$a  SE
=022  0\$a2051-5081$202
=037  \\$aIJSIS$bInderscience
=040  \\$aUk$beng$cUk
=042  \\$axissnuk
=222  \0$aInternational journal of semantic and infrastructure services$b(Online)
=245  00$aInternational journal of semantic and infrastructure services$h[electronic resource].
=260  \\$aOlney :$bInderscience
=263  \\$a201401
=310  \\$aQuarterly
=336  \\$atext$2rdacontent
=337  \\$acomputer$2rdamedia
=338  \\$aonline resource$2rdacarrier
=776  0\$tInternational journal of semantic and infrastructure services$c(Print)$x2051-5073
=859  \\$aELD$bejournal
=852  41$aBritish Library$bHMNTS$jELD Digital store$3Content not received***Previous issues available in print copy
=985  \\$aISSN suppressed 04/03/20. Not published.
=985  \\$aPlease do not merge this record
=CAT  \\$a10973$b40$c20121022$lBLL01$h1355
=CAT  \\$a11433$b40$c20141230$lBLL01$h1344
=CAT  \\$aW1610-0943$c20161017$lBLL01$h0904
=CAT  \\$aW1711-1005$c20171206$lBLL01$h1825
=CAT  \\$a10806$b40$c20200304$lBLL01$h1216
=LET  \0$aInternational journal of semantic and infrastructure services (Electronic)
=MNI  \\$a2051-5073
=STA  \\$aSUPPRESSED$bISSN
=LAS  \\$a10806$b40$c20200304$lBLL01$h1216

